% This file was created with JabRef 2.9b2.
% Encoding: UTF-8

@ARTICLE{1610834,
  author = {Ainsworth, T.L. and Ferro-Famil, L. and Jong-Sen Lee},
  title = {Orientation angle preserving a posteriori polarimetric SAR calibration},
  journal = {Geoscience and Remote Sensing, IEEE Transactions on},
  year = {2006},
  volume = {44},
  pages = {994-1003},
  number = {4},
  doi = {10.1109/TGRS.2005.862508},
  issn = {0196-2892},
  keywords = {backscatter;calibration;covariance matrices;geophysical techniques;radar
	polarimetry;remote sensing by radar;synthetic aperture radar;SAR
	data analysis;a posteriori polarimetric SAR calibration;anechoic
	chamber data;orientation angle;polarimetric channels;polarimetric
	covariance matrix;polarimetric distortion;polarimetric fidelity;polarimetric
	synthetic aperture radar;radar polarimetry;scattering reciprocity;Calibration;Costs;Covariance
	matrix;Data analysis;Equations;Parameter estimation;Polarimetric
	synthetic aperture radar;Radar scattering;Soil moisture;Synthetic
	aperture radar;Calibration;radar polarimetry}
}

@ARTICLE{6595582,
  author = {Alonso-Gonzalez, A. and Lopez-Martinez, C. and Salembier, P.},
  title = {PolSAR Time Series Processing With Binary Partition Trees},
  journal = {Geoscience and Remote Sensing, IEEE Transactions on},
  year = {2014},
  volume = {52},
  pages = {3553-3567},
  number = {6},
  month = {June},
  doi = {10.1109/TGRS.2013.2273664},
  issn = {0196-2892},
  keywords = {radar polarimetry;remote sensing by radar;synthetic aperture radar;BPT
	structures;BPT-based scene change maps;PolSAR data processing;PolSAR
	information;PolSAR time series processing;RADARSAT-2 data sets;SAR
	polarimetry data processing;binary partition trees;data temporal
	dimension;spatiotemporal homogeneous regions;synthetic aperture radar;target
	characterizations;tree pruning;Covariance matrices;Data models;Radar
	polarimetry;Speckle;Synthetic aperture radar;Time series analysis;Binary
	partition tree (BPT);change detection;segmentation;synthetic aperture
	radar (SAR) polarimetry;time series}
}

@INPROCEEDINGS{anfinsen2007spectral,
  author = {Anfinsen, Stian Normann and Jenssen, Robert and Eltoft, Torbj{\o}rn},
  title = {Spectral clustering of polarimetric SAR data with Wishart-derived
	distance measures},
  volume = {7},
  series = {Proc. POLinSAR.}
}

@INPROCEEDINGS{1467423,
  author = {Buades, A. and Coll, B. and Morel, J. -M},
  title = {A non-local algorithm for image denoising},
  booktitle = {Computer Vision and Pattern Recognition, 2005. CVPR 2005. IEEE Computer
	Society Conference on},
  year = {2005},
  volume = {2},
  pages = {60-65 vol. 2},
  month = {June},
  doi = {10.1109/CVPR.2005.38},
  issn = {1063-6919},
  keywords = {image denoising;image resolution;smoothing methods;NL-means algorithm;digital
	image denoising method;local smoothing filters;nonlocal algorithm;Algorithm
	design and analysis;Digital images;Filtering;Image denoising;Noise
	measurement;Noise reduction;Pixel;Smoothing methods;White noise;Wiener
	filter}
}

@ARTICLE{5659474,
  author = {Jiong Chen and Yilun Chen and Wentao An and Yi Cui and Jian Yang},
  title = {Nonlocal Filtering for Polarimetric SAR Data: A Pretest Approach},
  journal = {Geoscience and Remote Sensing, IEEE Transactions on},
  year = {2011},
  volume = {49},
  pages = {1744-1754},
  number = {5},
  month = {May},
  doi = {10.1109/TGRS.2010.2087763},
  issn = {0196-2892},
  keywords = {airborne radar;filtering theory;radar resolution;synthetic aperture
	radar;POLSAR speckle filtering;complex Wishart distribution;homogeneous
	pixels;nonlocal filtering;polarimetric SAR data;polarimetric synthetic
	aperture radar;pretest approach;Computational modeling;Covariance
	matrix;Filtering;Image edge detection;Pixel;Scattering;Speckle;Complex
	Wishart distribution;polarimetric synthetic aperture radar (POLSAR);pretest;speckle
	filtering}
}

@BOOK{Cloude:1235136,
  title = {Polarisation: applications in remote sensing},
  publisher = {Oxford Univ. Press},
  year = {2010},
  author = {Cloude, S R},
  address = {Oxford}
}

@ARTICLE{1183688,
  author = {Conradsen, K. and Nielsen, A.A. and Schou, J. and Skriver, H.},
  title = {A test statistic in the complex Wishart distribution and its application
	to change detection in polarimetric SAR data},
  journal = {Geoscience and Remote Sensing, IEEE Transactions on},
  year = {2003},
  volume = {41},
  pages = {4-19},
  number = {1},
  month = {Jan},
  doi = {10.1109/TGRS.2002.808066},
  issn = {0196-2892},
  keywords = {geophysical signal processing;geophysical techniques;radar imaging;radar
	polarimetry;remote sensing by radar;synthetic aperture radar;terrain
	mapping;vegetation mapping;Denmark;EMISAR;Foulum;Hermitian positive
	definite matrix;L -band;agricultural fields;backscattered signal;change
	detection;complex Wishart distribution;covariance matrix;geophysical
	measurement technique;land surface;polarimetric SAR;radar polarimetry;radar
	remote sensing;radar scattering;radar theory;synthetic aperture radar;terrain
	mapping;test statistic;vegetation mapping;Covariance matrix;Detectors;L-band;Polarimetric
	synthetic aperture radar;Probability;Radar detection;Statistical
	analysis;Statistical distributions;Synthetic aperture radar;Testing}
}

@ARTICLE{Coupe2009,
  author = {Coup{\'e}, Pierrick and Hellier, Pierre and Kervrann, Charles and
	Barillot, Christian},
  title = {Nonlocal means-based speckle filtering for ultrasound images},
  journal = {Image Processing, IEEE Transactions on},
  year = {2009},
  volume = {18},
  pages = {2221--2229},
  number = {10},
  owner = {baffelli},
  publisher = {IEEE},
  timestamp = {2013.08.12},
  url = {http://ieeexplore.ieee.org/xpls/abs_all.jsp?arnumber=4982678}
}

@ARTICLE{6509975,
  author = {D'Hondt, O. and Guillaso, S. and Hellwich, O.},
  title = {Iterative Bilateral Filtering of Polarimetric SAR Data},
  journal = {Selected Topics in Applied Earth Observations and Remote Sensing,
	IEEE Journal of},
  year = {2013},
  volume = {6},
  pages = {1628-1639},
  number = {3},
  __markedentry = {[baffelli:]},
  doi = {10.1109/JSTARS.2013.2256881},
  issn = {1939-1404},
  keywords = {filtering theory;radar imaging;radar polarimetry;statistical analysis;synthetic
	aperture radar;ESAR sensor;FSAR sensor;Kullback-Leibler divergence;L-band
	radar;Riemannian manifold;S-band radar;geodesic distance;iterative
	bilateral filtering;iterative speckle filtering method;polarimetric
	SAR data;polarimetric SAR image;polarimetric reconstruction error;statistical
	distance;Covariance matrix;image denoising;parameter extraction;radar
	polarimetry;statistical analysis}
}

@INPROCEEDINGS{5653936,
  author = {Deledalle, C-A and Tupin, F. and Denis, L.},
  title = {Polarimetric {SAR} estimation based on non-local means},
  booktitle = {Geoscience and Remote Sensing Symposium (IGARSS), 2010 IEEE International},
  year = {2010},
  pages = {2515--2518},
  month = jul,
  doi = {10.1109/IGARSS.2010.5653936},
  issn = {2153-6996},
  keywords = {AWGN;estimation theory;image denoising;radar imaging;speckle;statistical
	analysis;synthetic aperture radar;L-Band E-SAR data;NL means;PolSAR
	images;additive white Gaussian noise;image denoising;noise reduction;nonGaussian
	noise;nonlocal means;polarimetric SAR estimation;polarimetric synthetic
	aperture radar images;redundant patterns;speckle noise;statistical
	property;Covariance matrix;Entropy;Estimation;Image color analysis;Noise;Noise
	measurement;Pixel;Non local means;maximum likelihood;polarimetric
	synthetic aperture radar (PolSAR)}
}

@INPROCEEDINGS{Deledalle2010,
  author = {Deledalle, Charles and Tupin, Florence and Denis, Lo{\"\i}c},
  title = {A non-local approach for SAR and interferometric SAR denoising},
  booktitle = {Geoscience and Remote Sensing Symposium (IGARSS), 2010 IEEE International},
  year = {2010},
  pages = {714--717},
  organization = {IEEE},
  owner = {baffelli},
  timestamp = {2013.08.12}
}

@ARTICLE{Fawcett:2006:IRA:1159473.1159475,
  author = {Fawcett, Tom},
  title = {An Introduction to ROC Analysis},
  journal = {Pattern Recogn. Lett.},
  year = {2006},
  volume = {27},
  pages = {861--874},
  number = {8},
  month = jun,
  acmid = {1159475},
  address = {New York, NY, USA},
  doi = {10.1016/j.patrec.2005.10.010},
  issn = {0167-8655},
  issue_date = {June 2006},
  keywords = {Classifier evaluation, Evaluation metrics, ROC analysis},
  numpages = {14},
  publisher = {Elsevier Science Inc.},
  url = {http://dx.doi.org/10.1016/j.patrec.2005.10.010}
}

@ARTICLE{898661,
  author = {Ferretti, A. and Prati, C. and Rocca, F.},
  title = {Permanent scatterers in SAR interferometry},
  journal = {Geoscience and Remote Sensing, IEEE Transactions on},
  year = {2001},
  volume = {39},
  pages = {8-20},
  number = {1},
  doi = {10.1109/36.898661},
  issn = {0196-2892},
  keywords = {geodesy;geophysical techniques;remote sensing by radar;synthetic aperture
	radar;terrain mapping;topography (Earth);InSAR;SAR interferometry;atmospheric
	disturbance;atmospheric phase screen;differential interferometry;geodesy;geometrical
	decorrelation;geophysical measurement technique;land surface topography;permanent
	scatterer;radar remote sensing;stable natural reflector;surface deformation
	monitoring;synthetic aperture radar;terrain mapping;topographic profile
	reconstruction;Decorrelation;Image reconstruction;Image resolution;Interferometry;Monitoring;Motion
	detection;Motion estimation;Scattering;Surface reconstruction;Surface
	topography}
}

@INPROCEEDINGS{5757234,
  author = {Ferro-Famil, Laurent and Neumann, Maxim},
  title = {Recent Advances in the Derivation of POL-inSAR Statistics: Study
	and Applications},
  booktitle = {Synthetic Aperture Radar (EUSAR), 2008 7th European Conference on},
  year = {2008},
  pages = {1-4},
  keywords = {Coherence;Maximum likelihood estimation;Optimized production technology;Remote
	sensing;Symmetric matrices}
}

@ARTICLE{Freeman1992,
  author = {Freeman, Anthony and Van Zyl, Jakob J and Klein, Jeffrey D and Zebker,
	Howard A and Shen, Yuhsyen},
  title = {Calibration of Stokes and scattering matrix format polarimetric SAR
	data},
  journal = {Geoscience and Remote Sensing, IEEE Transactions on},
  year = {1992},
  volume = {30},
  pages = {531--539},
  number = {3},
  owner = {baffelli},
  publisher = {IEEE},
  timestamp = {2013.07.15}
}

@BOOK{Fujiwara2007,
  title = {Spectroscopic ellipsometry: principles and applications},
  publisher = {John Wiley \& Sons},
  year = {2007},
  author = {Fujiwara, Hiroyuki},
  owner = {baffelli},
  timestamp = {2013.07.08}
}

@INPROCEEDINGS{322577,
  author = {Gail, W.B.},
  title = {A simplified calibration technique for polarimetric radars},
  booktitle = {Geoscience and Remote Sensing Symposium, 1993. IGARSS '93. Better
	Understanding of Earth Environment., International},
  year = {1993},
  pages = {377-379 vol.2},
  doi = {10.1109/IGARSS.1993.322577},
  keywords = {calibration;geophysical techniques;polarimetry;remote sensing;remote
	sensing by radar;synthetic aperture radar;Faraday rotation;SAR;airborne;calibration;channel
	imbalance;cross-talk;geophysical measurement technique;land surface
	imaging;polarimetric radar;radar remote sensing;scattering element
	statistical analysis;spaceborne;synthetic aperture radar;Airborne
	radar;Calibration;Covariance matrix;Layout;Nonlinear equations;Radar
	imaging;Radar polarimetry;Radar scattering;Rotation measurement;Spaceborne
	radar}
}

@BOOK{huynen1970phenomenological,
  title = {Phenomenological theory of radar targets},
  publisher = {Drukkerij Bronder-Offset N.V.},
  year = {1970},
  author = {Huynen, J.R.},
  lccn = {77850147}
}

@INPROCEEDINGS{575928,
  author = {Klein, J.D.},
  title = {Calibration of Quadpolarization SAR Data Using Backscatter Statistics},
  booktitle = {Geoscience and Remote Sensing Symposium, 1989. IGARSS'89. 12th Canadian
	Symposium on Remote Sensing., 1989 International},
  year = {1989},
  volume = {5},
  pages = {2893-2896},
  doi = {10.1109/IGARSS.1989.575928},
  keywords = {Backscatter;Calibration;Contamination;Layout;Polarization;Propulsion;Radar
	imaging;Radar scattering;Statistics;Synthetic aperture radar}
}

@INPROCEEDINGS{Klein1989,
  author = {Klein, J.D.},
  title = {Calibration of Quadpolarization SAR Data Using Backscatter Statistics},
  booktitle = {Geoscience and Remote Sensing Symposium, 1989. IGARSS'89. 12th Canadian
	Symposium on Remote Sensing., 1989 International},
  year = {1989},
  volume = {5},
  pages = {2893-2896},
  doi = {10.1109/IGARSS.1989.575928},
  keywords = {Backscatter;Calibration;Contamination;Layout;Polarization;Propulsion;Radar
	imaging;Radar scattering;Statistics;Synthetic aperture radar}
}

@ARTICLE{Klein1992,
  author = {Klein, Jeffrey D},
  title = {Calibration of complex polarimetric {SAR} imagery using backscatter
	correlations},
  journal = {Aerospace and Electronic Systems, IEEE Transactions on},
  year = {1992},
  volume = {28},
  pages = {183--194},
  number = {1},
  owner = {baffelli},
  publisher = {IEEE},
  timestamp = {2013.07.15}
}

@ARTICLE{Lee1981,
  author = {Lee, Jong-Sen},
  title = {Refined filtering of image noise using local statistics},
  journal = {Computer graphics and image processing},
  year = {1981},
  volume = {15},
  pages = {380--389},
  number = {4},
  owner = {baffelli},
  publisher = {Elsevier},
  timestamp = {2013.08.12},
  url = {http://www.sciencedirect.com/science/article/pii/S0146664X81800184}
}

@ARTICLE{Lee1980,
  author = {Lee, Jong-Sen},
  title = {Digital image enhancement and noise filtering by use of local statistics},
  journal = {Pattern Analysis and Machine Intelligence, IEEE Transactions on},
  year = {1980},
  pages = {165--168},
  number = {2},
  owner = {baffelli},
  publisher = {IEEE},
  timestamp = {2013.08.12}
}

@INPROCEEDINGS{267879,
  author = {Jong-Sen Lee and Grunes, M.R.},
  title = {Classification of multi-look polarimetric SAR data based on complex
	Wishart distribution},
  booktitle = {Telesystems Conference, 1992. NTC-92., National},
  year = {1992},
  pages = {7/21-7/24},
  month = {May},
  doi = {10.1109/NTC.1992.267879},
  keywords = {electromagnetic wave polarisation;image processing;matrix algebra;remote
	sensing by radar;synthetic aperture radar;C-band;JPL;Jet Propulsion
	Laboratory;L-band;Monte Carlo simulation;NASA;P-band;Stoke matrix;algorithm;city
	block;classification errors;complex Wishart distribution;complex
	covariance;complex covariance matrix;forest;ground covers;multifrequency
	polarimetric data;multilook polarimetric SAR;ocean;optimal feature
	classification;polarimetric SAR data;radar imagery;sea ice;synthetic
	aperture radar;vegetation;Cities and towns;Covariance matrix;Gaussian
	distribution;Layout;NASA;Oceans;Radar scattering;Sea ice;Speckle;Vegetation
	mapping}
}

@ARTICLE{789621,
  author = {Jong-Sen Lee and Grunes, M.R. and Ainsworth, T.L. and Li-Jen Du and
	Schuler, D.L. and Cloude, S.R.},
  title = {Unsupervised classification using polarimetric decomposition and
	the complex Wishart classifier},
  journal = {Geoscience and Remote Sensing, IEEE Transactions on},
  year = {1999},
  volume = {37},
  pages = {2249-2258},
  number = {5},
  month = {Sep},
  doi = {10.1109/36.789621},
  issn = {0196-2892},
  keywords = {geophysical signal processing;geophysical techniques;image classification;radar
	imaging;radar polarimetry;remote sensing by radar;synthetic aperture
	radar;terrain mapping;SAR;complex Wishart classifier;complex Wishart
	distribution;covariance matrix;entropy-alpha plane;geophysical measurement
	technique;image classification;initial classification map;iteration;land
	surface;man-made object;maximum likelihood classifier;polarimetric
	decomposition;polarimetric target decomposition;polarization;radar
	imaging;radar polarimetry;radar remote sensing;synthetic aperture
	radar;terrain mapping;terrain type;training;unsupervised classification;Covariance
	matrix;Electromagnetic scattering;Image processing;Neural networks;Polarimetric
	synthetic aperture radar;Radar applications;Radar imaging;Radar polarimetry;Radar
	scattering;Synthetic aperture radar}
}

@ARTICLE{doi:10.1080/02757259409532206,
  author = {Lee, J. S. and Jurkevich, L. and Dewaele, P. and Wambacq, P. and
	Oosterlinck, A.},
  title = {Speckle filtering of synthetic aperture radar images: A review},
  journal = {Remote Sensing Reviews},
  year = {1994},
  volume = {8},
  pages = {313-340},
  number = {4},
  doi = {10.1080/02757259409532206},
  eprint = {http://www.tandfonline.com/doi/pdf/10.1080/02757259409532206},
  owner = {baffelli},
  timestamp = {2014.03.31},
  url = {http://www.tandfonline.com/doi/abs/10.1080/02757259409532206}
}

@BOOK{Lee2009,
  title = {Polarimetric radar imaging: from basics to applications},
  publisher = {CRC press},
  year = {2009},
  author = {Lee, Jong-Sen and Pottier, Eric},
  owner = {baffelli},
  timestamp = {2013.07.08}
}

@ARTICLE{868874,
  author = {Jong-Sen Lee and Schuler, D.L. and Ainsworth, T.L.},
  title = {Polarimetric SAR data compensation for terrain azimuth slope variation},
  journal = {Geoscience and Remote Sensing, IEEE Transactions on},
  year = {2000},
  volume = {38},
  pages = {2153-2163},
  number = {5},
  month = {Sep},
  doi = {10.1109/36.868874},
  issn = {0196-2892},
  keywords = {geophysical techniques;radar imaging;radar polarimetry;remote sensing
	by radar;synthetic aperture radar;terrain mapping;POLSAR;azimuth
	slope variation;data compensation;effective scattering pixel area;geophysical
	measurement technique;land surface;polarimetric SAR;polarization;radar
	cross section;radar imaging;radar polarimetry;radar remote sensing;radiometric
	slope correction;synthetic aperture radar;terrain mapping;Azimuth;Digital
	elevation models;Matrix decomposition;NASA;Parameter estimation;Polarization;Radar
	cross section;Radar scattering;Radiometry;Synthetic aperture radar}
}

@INPROCEEDINGS{Loch-Duplex1996,
  author = {Loch-Duplex, Nathalie LE and Vidal-Madjar, Daniel and Hardange, Jean-Philippe},
  title = {On the calibration of the helicopter borne polarimetric radar Ren{\'e}},
  booktitle = {Annales des t{\'e}l{\'e}communications},
  year = {1996},
  volume = {51},
  number = {5-6},
  pages = {245--257},
  organization = {Springer},
  owner = {baffelli},
  timestamp = {2013.07.24},
  url = {http://link.springer.com/article/10.1007/BF02999804}
}

@ARTICLE{6475202,
  author = {Marino, A.},
  title = {A Notch Filter for Ship Detection With Polarimetric SAR Data},
  journal = {Selected Topics in Applied Earth Observations and Remote Sensing,
	IEEE Journal of},
  year = {2013},
  volume = {6},
  pages = {1219-1232},
  number = {3},
  month = {June},
  doi = {10.1109/JSTARS.2013.2247741},
  issn = {1939-1404},
  keywords = {Monte Carlo methods;notch filters;object detection;oceanographic techniques;probability;radar
	polarimetry;ships;synthetic aperture radar;Monte Carlo simulations;TerraSAR-X
	quadpolarimetric data;detection probability extraction;false alarm
	probability extraction;maritime area monitoring;maritime area security;negative
	filter;notch filter;perturbation analysis;polarimetric SAR data;polarimetric
	acquisitions;polarimetric target space;sea;ship detection;synthetic
	aperture radar;Backscatter;Clutter;Detectors;Marine vehicles;Scattering;Synthetic
	aperture radar;Vectors;Radar polarimetry;TerraSAR-X;ship detection;synthetic
	aperture radar}
}

@ARTICLE{902815,
  author = {Armando Marino},
  title = {A New Target Detector Based on Geometrical Perturbation Filters for
	Polarimetric Synthetic Aperture Radar (POL-SAR)},
  year = {2012},
  pages = {263},
  language = {EN},
  publisher = {Springer}
}

@ARTICLE{6310048,
  author = {Marino, A. and Cloude, S.R. and Lopez-Sanchez, J.M.},
  title = {A New Polarimetric Change Detector in Radar Imagery},
  journal = {Geoscience and Remote Sensing, IEEE Transactions on},
  year = {2013},
  volume = {51},
  pages = {2986-3000},
  number = {5},
  doi = {10.1109/TGRS.2012.2211883},
  issn = {0196-2892},
  keywords = {Covariance matrix;Detectors;Radar polarimetry;Scattering;Symmetric
	matrices;Thyristors;Vectors;Change detection;polarimetry;synthetic
	aperture radar (SAR)}
}

@ARTICLE{6165655,
  author = {Marino, A. and Cloude, S.R. and Woodhouse, I.H.},
  title = {Detecting Depolarized Targets Using a New Geometrical Perturbation
	Filter},
  journal = {Geoscience and Remote Sensing, IEEE Transactions on},
  year = {2012},
  volume = {50},
  pages = {3787-3799},
  number = {10},
  doi = {10.1109/TGRS.2012.2185703},
  issn = {0196-2892},
  keywords = {covariance matrices;geophysical techniques;object detection;perturbation
	techniques;radar polarimetry;synthetic aperture radar;ALOS PALSAR
	data;L-band fully polarimetric airborne E-SAR data;X-band dual-polarimetric
	TerraSAR-X data;covariance matrix;depolarized targets;feature vector;geometrical
	perturbation filter;partial-target detection;perturbation method;polarimetry;single-target
	detector;supervised Wishart classifier;synthetic aperture radar;vector
	formalism;Clutter;Coherence;Covariance matrix;Detectors;Synthetic
	aperture radar;Vectors;Classification;polarimetry;synthetic aperture
	radar (SAR);target detection}
}

@ARTICLE{Marino2012,
  author = {Marino, A. and Cloude, S.R. and Woodhouse, I.H.},
  title = {Detecting Depolarized Targets Using a New Geometrical Perturbation
	Filter},
  journal = {Geoscience and Remote Sensing, IEEE Transactions on},
  year = {2012},
  volume = {50},
  pages = {3787-3799},
  number = {10},
  month = {Oct},
  doi = {10.1109/TGRS.2012.2185703},
  issn = {0196-2892},
  keywords = {covariance matrices;geophysical techniques;object detection;perturbation
	techniques;radar polarimetry;synthetic aperture radar;ALOS PALSAR
	data;L-band fully polarimetric airborne E-SAR data;X-band dual-polarimetric
	TerraSAR-X data;covariance matrix;depolarized targets;feature vector;geometrical
	perturbation filter;partial-target detection;perturbation method;polarimetry;single-target
	detector;supervised Wishart classifier;synthetic aperture radar;vector
	formalism;Clutter;Coherence;Covariance matrix;Detectors;Synthetic
	aperture radar;Vectors;Classification;polarimetry;synthetic aperture
	radar (SAR);target detection}
}

@ARTICLE{6651778,
  author = {Marino, A. and Hajnsek, I.},
  title = {A Change Detector Based on an Optimization With Polarimetric SAR
	Imagery},
  journal = {Geoscience and Remote Sensing, IEEE Transactions on},
  year = {2014},
  volume = {52},
  pages = {4781-4798},
  number = {8},
  month = {Aug},
  doi = {10.1109/TGRS.2013.2284510},
  issn = {0196-2892},
  keywords = {aerospace instrumentation;optimisation;radar imaging;remote sensing
	by radar;synthetic aperture radar;Experimental-SAR German Aerospace
	Center system;L-band;Lagrange optimization;change detector;equiscattering-mechanism
	hypothesis;ground surveys;polarimetric SAR imagery;probability density
	function;Clutter;Coherence;Covariance matrices;Detectors;Eigenvalues
	and eigenfunctions;Optimization;Change detection;equiscattering mechanisms
	(ESMs);polarimetry;synthetic aperture radar}
}

@ARTICLE{massonnet1993displacement,
  author = {Massonnet, Didier and Rossi, Marc and Carmona, C{\'e}sar and Adragna,
	Fr{\'e}d{\'e}ric and Peltzer, Gilles and Feigl, Kurt and Rabaute,
	Thierry},
  title = {The displacement field of the Landers earthquake mapped by radar
	interferometry},
  journal = {Nature},
  year = {1993},
  volume = {364},
  pages = {138--142},
  number = {6433}
}

@INPROCEEDINGS{matasci2013displacements,
  author = {Matasci, Battista and Jaboyedoff, Michel and Valenti, Giorgio and
	Ponzio, Maria},
  title = {Displacements mapping and rockfall volumes calculation using Terrestrial
	Laser Scanner: toward an hazard assessment of the Preonzo rockslide},
  booktitle = {EGU General Assembly Conference Abstracts},
  year = {2013},
  volume = {15},
  pages = {1523}
}

@INPROCEEDINGS{6049324,
  author = {Moreira, A. and Krieger, G. and Younis, M. and Hajnsek, I. and Papathanassiou,
	K. and Eineder, M. and De Zan, F.},
  title = {Tandem-L: A mission proposal for monitoring dynamic earth processes},
  booktitle = {Geoscience and Remote Sensing Symposium (IGARSS), 2011 IEEE International},
  year = {2011},
  pages = {1385-1388},
  month = {July},
  doi = {10.1109/IGARSS.2011.6049324},
  issn = {2153-6996},
  keywords = {array signal processing;climatology;data acquisition;geophysical techniques;glaciology;hydrology;oceanography;radar
	imaging;radar interferometry;radar polarimetry;remote sensing by
	radar;soil;synthetic aperture radar;tectonics;vegetation;3D structure
	change;Earth deformation measurement;NASA-JPL;Pol-InSAR mode;Tandem-L
	mission;anthropogenic factors;biomass inventory;biosphere;climate
	research;cryosphere;data acquisition;data source;digital beamforming;dynamic
	Earth process monitoring;environmental research;forest height;geodynamics;glacier
	velocity field;high-resolution wide-swath SAR imaging mode;hydrology;hydrosphere;ice
	velocity field;interferometric L-band radar instrument;large reflector
	antenna;lithosphere;ocean surface current;oceanography;repeat-pass
	acquisition mode;soil moisture monitoring;tectonic process;Array
	signal processing;Biomass;Earth;Interferometry;Proposals;Satellites;Systematics}
}

@INPROCEEDINGS{6049324,
  author = {Moreira, A. and Krieger, G. and Younis, M. and Hajnsek, I. and Papathanassiou,
	K. and Eineder, M. and De Zan, F.},
  title = {Tandem-L: A mission proposal for monitoring dynamic earth processes},
  booktitle = {Geoscience and Remote Sensing Symposium (IGARSS), 2011 IEEE International},
  year = {2011},
  pages = {1385-1388},
  month = {July},
  doi = {10.1109/IGARSS.2011.6049324},
  issn = {2153-6996},
  keywords = {array signal processing;climatology;data acquisition;geophysical techniques;glaciology;hydrology;oceanography;radar
	imaging;radar interferometry;radar polarimetry;remote sensing by
	radar;soil;synthetic aperture radar;tectonics;vegetation;3D structure
	change;Earth deformation measurement;NASA-JPL;Pol-InSAR mode;Tandem-L
	mission;anthropogenic factors;biomass inventory;biosphere;climate
	research;cryosphere;data acquisition;data source;digital beamforming;dynamic
	Earth process monitoring;environmental research;forest height;geodynamics;glacier
	velocity field;high-resolution wide-swath SAR imaging mode;hydrology;hydrosphere;ice
	velocity field;interferometric L-band radar instrument;large reflector
	antenna;lithosphere;ocean surface current;oceanography;repeat-pass
	acquisition mode;soil moisture monitoring;tectonic process;Array
	signal processing;Biomass;Earth;Interferometry;Proposals;Satellites;Systematics}
}

@INPROCEEDINGS{4241478,
  author = {Mura, J.C. and Correia, A.H. and Freitas, C.C.},
  title = {A New Unified Approach to Channel Imbalance and Cross-Talk Calibration
	of Polarimetric Data},
  booktitle = {Geoscience and Remote Sensing Symposium, 2006. IGARSS 2006. IEEE
	International Conference on},
  year = {2006},
  pages = {1281-1283},
  doi = {10.1109/IGARSS.2006.331},
  keywords = {covariance matrices;geophysical techniques;image processing;radar
	polarimetry;synthetic aperture radar;vegetation;Brazilian Amazon;CENSIPAM
	Airborne R99-SAR;SAR image formation;Tapajos Forest;azimuthal symmetry;channel
	imbalance;covariance matrix;cross-talk calibration;distortion system
	parameters;noise system;nonreciprocal distortion model;polarimetric
	SAR L-band data;polarization signature response;synthetic aperture
	radar processing technique;trihedral corner reflectors;Backscatter;Calibration;Covariance
	matrix;Crosstalk;Iterative methods;L-band;Nonlinear distortion;Polarization;Radar
	scattering;Synthetic aperture radar}
}

@ARTICLE{6628020,
  author = {Navarro-Sanchez, V.D. and Lopez-Sanchez, J.M.},
  title = {Spatial Adaptive Speckle Filtering Driven by Temporal Polarimetric
	Statistics and Its Application to PSI},
  journal = {Geoscience and Remote Sensing, IEEE Transactions on},
  year = {2014},
  volume = {52},
  pages = {4548-4557},
  number = {8},
  month = {Aug},
  doi = {10.1109/TGRS.2013.2282406},
  issn = {0196-2892},
  keywords = {adaptive filters;artificial satellites;electromagnetic wave polarisation;electromagnetic
	wave scattering;radar detection;radar imaging;radar interferometry;radar
	polarimetry;spatial filters;spatiotemporal phenomena;statistical
	analysis;synthetic aperture radar;DS parameter;PSI;Radarsat-2 images;TerraSAR-X
	images;amplitude temporal statistics;distributed scatterer;ground
	deformation measurement;nonhomogeneous areas;persistent scatterer
	interferometry;phase information;pixel identification;point like
	PS;polarimetric PSI technique;polarimetric diversity;polarimetric
	temporal statistics;satellite SAR;single polarization PSI;single
	polarization amplitude;spatial adaptive speckle filtering;spatial
	averaging;synthetic aperture radar;temporal polarimetric statistics;urban
	areas;Estimation;Optimization;Scattering;Speckle;Synthetic aperture
	radar;Urban areas;Vectors;Persistent scatterers (PSs);polarimetry;speckle;subsidence;synthetic
	aperture radar (SAR) interferometry}
}

@INPROCEEDINGS{Parrilli2010,
  author = {Parrilli, Sara and Poderico, Mariana and Angelino, Cesario Vincenzo
	and Scarpa, Giuseppe and Verdoliva, Luisa},
  title = {A nonlocal approach for SAR image denoising},
  booktitle = {Geoscience and Remote Sensing Symposium (IGARSS), 2010 IEEE International},
  year = {2010},
  pages = {726--729},
  organization = {IEEE},
  owner = {baffelli},
  timestamp = {2013.08.12},
  url = {http://ieeexplore.ieee.org/xpls/abs_all.jsp?arnumber=5651432}
}

@INCOLLECTION{Poschinger2011,
  author = {Poschinger, Andreas},
  title = {The Flims Rockslide Dam},
  booktitle = {Natural and Artificial Rockslide Dams},
  publisher = {Springer Berlin Heidelberg},
  year = {2011},
  editor = {Evans, Stephen G. and Hermanns, Reginald L. and Strom, Alexander
	and Scarascia-Mugnozza, Gabriele},
  volume = {133},
  series = {Lecture Notes in Earth Sciences},
  pages = {407-421},
  __markedentry = {[baffelli:6]},
  doi = {10.1007/978-3-642-04764-0_15},
  isbn = {978-3-642-04763-3},
  language = {English},
  owner = {baffelli},
  timestamp = {2014.03.10}
}

@INPROCEEDINGS{524161,
  author = {Pottier, E. and Cloude, S. R.},
  title = {Unsupervized classification of full polarimetric SAR data and feature
	vectors identificat1on using radar target decomposition theorems
	and entropy analysis},
  booktitle = {Geoscience and Remote Sensing Symposium, 1995. IGARSS '95. 'Quantitative
	Remote Sensing for Science and Applications', International},
  year = {1995},
  volume = {3},
  pages = {2247-2249 vol.3},
  month = {Jul},
  doi = {10.1109/IGARSS.1995.524161},
  keywords = {entropy codes;feature extraction;geophysical signal processing;geophysical
	techniques;image classification;image segmentation;radar imaging;radar
	polarimetry;remote sensing by radar;synthetic aperture radar;California;San
	Francisco Bay;USA;United States;clustering;competitive architecture;entropy
	analysis;feature vectors identificat1on;geophysical measurement technique;identification
	procedure;image classification;image processing;image segmentation;land
	surface;neural net;neural network;polarimetric SAR;polarimetric decomposition
	theorem;radar imaging;radar polarimetry;radar remote sensing;radar
	target decomposition theorem;synthetic aperture radar;terrain mapping;unsupervized
	classification;Earth;Electromagnetic scattering;Entropy;Neural networks;Radar
	imaging;Radar polarimetry;Radar scattering;Radar theory;Synthetic
	aperture radar;Vectors}
}

@INPROCEEDINGS{1605647,
  author = {Pottier, E. and Ferro-Famil, L. and Cloude, S. and Hajnsek, I. and
	Papathanassiou, K. and Moreira, A. and Pearson, T. and Desnos, Y-L},
  title = {PolSARpro v2.0: the versatile polarimetric and interferometric SAR
	data processing toolbox},
  booktitle = {Radar Conference, 2005. EURAD 2005. European},
  year = {2005},
  pages = {395-398},
  month = {Oct},
  doi = {10.1109/EURAD.2005.1605647},
  keywords = {computer aided instruction;electrical engineering education;radar
	computing;software tools;synthetic aperture radar;PolSARpro v2.0
	software;data analysis;data processing toolbox;educational software;interferometric
	SAR;versatile polarimetric;Application software;Contracts;Data processing;Earth;Land
	surface;Remote monitoring;Sea surface;Software tools;Spaceborne radar;Synthetic
	aperture radar}
}

@ARTICLE{Quegan1994,
  author = {Quegan, Shaun},
  title = {A unified algorithm for phase and cross-talk calibration of polarimetric
	data-theory and observations},
  journal = {Geoscience and Remote Sensing, IEEE Transactions on},
  year = {1994},
  volume = {32},
  pages = {89--99},
  number = {1},
  owner = {baffelli},
  publisher = {IEEE},
  timestamp = {2013.07.16}
}

@ARTICLE{Sarabandi1994,
  author = {Sarabandi, Kamal},
  title = {Calibration of a polarimetric synthetic aperture radar using a known
	distributed target},
  journal = {Geoscience and Remote Sensing, IEEE Transactions on},
  year = {1994},
  volume = {32},
  pages = {575--582},
  number = {3},
  owner = {baffelli},
  publisher = {IEEE},
  timestamp = {2013.08.15}
}

@ARTICLE{Sarabandi1992,
  author = {Sarabandi, Kamal and Pierce, Leland E and Ulaby, Fawwaz T},
  title = {Calibration of a polarimetric imaging SAR},
  journal = {Geoscience and Remote Sensing, IEEE Transactions on},
  year = {1992},
  volume = {30},
  pages = {540--549},
  number = {3},
  owner = {baffelli},
  publisher = {IEEE},
  timestamp = {2013.07.16}
}

@ARTICLE{45747,
  author = {Sarabandi, K. and Ulaby, F.T. and Tassoudji, M.A.},
  title = {Calibration of polarimetric radar systems with good polarization
	isolation},
  journal = {Geoscience and Remote Sensing, IEEE Transactions on},
  year = {1990},
  volume = {28},
  pages = {70-75},
  number = {1},
  doi = {10.1109/36.45747},
  issn = {0196-2892},
  keywords = {calibration;electromagnetic wave polarisation;radar measurement;radar
	systems;remote sensing;X-band;alignment;calibration;cross-polarized
	radar cross section;metal sphere;polarization isolation;radar overall
	cross-polarization isolation;radar transfer function;remote sensing;scattering
	matrix;single-antenna polarimetric radar systems;tilted cylinder;Calibration;Laboratories;Particle
	scattering;Phase measurement;Polarization;Radar antennas;Radar cross
	section;Radar measurements;Radar polarimetry;Radar scattering}
}

@ARTICLE{Sarabandi1990,
  author = {Sarabandi, Kamal and Ulaby, Fawwaz T},
  title = {A convenient technique for polarimetric calibration of single-antenna
	radar systems},
  journal = {Geoscience and Remote Sensing, IEEE Transactions on},
  year = {1990},
  volume = {28},
  pages = {1022--1033},
  number = {6},
  owner = {baffelli},
  publisher = {IEEE},
  timestamp = {2013.07.15}
}

@ARTICLE{35960,
  author = {Sheen, D.R. and Freeman, A. and Kasischke, E.S.},
  title = {Phase calibration of polarimetric radar images},
  journal = {Geoscience and Remote Sensing, IEEE Transactions on},
  year = {1989},
  volume = {27},
  pages = {719-731},
  number = {6},
  doi = {10.1109/36.35960},
  issn = {0196-2892},
  keywords = {calibration;picture processing;radar applications;radar systems;remote
	sensing;C-band;L-band;P-band;antennas;channel leakage;displacement;distributed
	ground targets;phase calibration;phase errors;polarimetric radar
	images;polarization channels;radar system architecture;remote sensing;spatial
	variation;system imperfections;Calibration;NASA;Polarization;Radar
	antennas;Radar imaging;Radar polarimetry;Radar remote sensing;Radar
	scattering;Remote sensing;Sea measurements;Signal to noise ratio;Synthetic
	aperture radar}
}

@ARTICLE{VanZyl1990,
  author = {Van Zyl, J Jakob},
  title = {Calibration of polarimetric radar images using only image parameters
	and trihedral corner reflector responses},
  journal = {Geoscience and Remote Sensing, IEEE Transactions on},
  year = {1990},
  volume = {28},
  pages = {337--348},
  number = {3},
  owner = {baffelli},
  publisher = {IEEE},
  timestamp = {2013.07.15}
}

@INPROCEEDINGS{werner2012gpri,
  author = {Werner, Charles and Wiesmann, Andreas and Strozzi, Tazio and Kos,
	Andrew and Caduff, Rafael and Wegmiuler, Urs},
  title = {The GPRI multi-mode differential interferometric radar for ground-based
	observations},
  booktitle = {Synthetic Aperture Radar, 2012. EUSAR. 9\textsuperscript{th} European
	Conference on},
  year = {2012},
  pages = {304--307},
  organization = {VDE}
}

@ARTICLE{Whitt1990,
  author = {Whitt, MW and Ulaby, FT},
  title = {A polarimetric radar calibration technique with insensitivity to
	target orientation},
  journal = {Radio science},
  year = {1990},
  volume = {25},
  pages = {1137--1143},
  number = {6},
  owner = {baffelli},
  publisher = {Wiley Online Library},
  timestamp = {2013.08.15},
  url = {http://onlinelibrary.wiley.com/doi/10.1029/RS025i006p01137/full}
}

@ARTICLE{Whitt1991,
  author = {Whitt, Michael W and Ulaby, Fawwaz T and Polatin, Paul and Liepa,
	Valdis V},
  title = {A general polarimetric radar calibration technique},
  journal = {Antennas and Propagation, IEEE Transactions on},
  year = {1991},
  volume = {39},
  pages = {62--67},
  number = {1},
  owner = {baffelli},
  publisher = {IEEE},
  timestamp = {2013.07.15}
}

@ARTICLE{wieczorek2009monitoring,
  author = {Wieczorek, Gerald F and Snyder, James B},
  title = {Monitoring slope movements},
  journal = {Geololgical Monitoring},
  year = {2009},
  pages = {245--271},
  publisher = {Geological Society of America: Boulder, CO, USA}
}

@ARTICLE{6191317,
  author = {Shi-qi Xing and Da-hai Dai and Jin Liu and Xue-Song Wang},
  title = {Comment on "Orientation Angle Preserving A Posteriori Polarimetric
	SAR Calibration"},
  journal = {Geoscience and Remote Sensing, IEEE Transactions on},
  year = {2012},
  volume = {50},
  pages = {2417-2419},
  number = {6},
  doi = {10.1109/TGRS.2012.2188297},
  issn = {0196-2892},
  keywords = {calibration;radar polarimetry;synthetic aperture radar;orientation
	angle;polarimetric SAR calibration;Algorithm design and analysis;Calibration;Covariance
	matrix;Crosstalk;Equations;Mathematical model;Radar;Calibration;orientation
	angle;synthetic aperture radar (SAR)}
}

@ARTICLE{Zebker1987,
  author = {Zebker, Howard A and Zyl, Jakob J and Held, Daniel N},
  title = {Imaging radar polarimetry from wave synthesis},
  journal = {Journal of Geophysical Research: Solid Earth (1978--2012)},
  year = {1987},
  volume = {92},
  pages = {683--701},
  number = {B1},
  owner = {baffelli},
  publisher = {Wiley Online Library},
  timestamp = {2013.07.17},
  url = {http://onlinelibrary.wiley.com/doi/10.1029/JB092iB01p00683/full}
}

@ARTICLE{5738661,
  author = {Lamei Zhang and Bin Zou and Tang Wenyan},
  title = {Polarimetric Interferometric Eigenvalue Similarity Parameter and
	Its Application in Target Detection},
  journal = {Geoscience and Remote Sensing Letters, IEEE},
  year = {2011},
  volume = {8},
  pages = {819-823},
  number = {4},
  doi = {10.1109/LGRS.2011.2116765},
  issn = {1545-598X},
  keywords = {eigenvalues and eigenfunctions;object detection;radar antennas;radar
	detection;radar imaging;radar interferometry;radar polarimetry;synthetic
	aperture radar;Germany;Oberpfaffenhofen test site;PolInSAR system;SAR
	L-band full polarized imaging;SAR interferometry;SAR polarimetry;image
	geometry;interferometric antennas;polarimetric coherence matrices;polarimetric
	interferometric eigenvalue similarity parameter;synthetic aperture
	radar;target detection;urban areas;Buildings;Coherence;Covariance
	matrix;Eigenvalues and eigenfunctions;Matrix decomposition;Object
	detection;Polarimetric interferometric eigenvalue similarity parameter
	(PIESP);Polarimetric synthetic aperture radar (SAR) interferometry
	(PolInSAR);target detection}
}

@ELECTRONIC{polsarpro_data,
  title = {PolSARpro Sample Data Sets},
  url = {http://earth.eo.esa.int/polsarpro/datasets.html},
  owner = {baffelli},
  quality = {1},
  timestamp = {2014.04.04}
}

@ARTICLE{2007,
  title = {Polarimetric Calibration Using a Genetic Algorithm},
  journal = IEEE_J_GRSL,
  year = {2007},
  volume = {4},
  pages = {421--425},
  number = {3},
  doi = {10.1109/LGRS.2007.895725},
  owner = {baffelli},
  timestamp = {2013.08.15}
}

